@article{cressie1992statistics,
  title={Statistics for spatial data},
  author={Cressie, Noel},
  journal={Terra Nova},
  volume={4},
  number={5},
  pages={613--617},
  year={1992},
  publisher={Wiley Online Library}
}



@incollection{hastie2017generalized,
  title={Generalized additive models},
  author={Hastie, Trevor J},
  booktitle={Statistical models in S},
  pages={249--307},
  year={2017},
  publisher={Routledge}
}
@article{peterson2008rethinking,
  title={Rethinking receiver operating characteristic analysis applications in ecological niche modeling},
  author={Peterson, A Townsend and Pape{\c{s}}, Monica and Sober{\'o}n, Jorge},
  journal={Ecological modelling},
  volume={213},
  number={1},
  pages={63--72},
  year={2008},
  publisher={Elsevier}
}

@article{morueta2016network,
  title={A network approach for inferring species associations from co-occurrence data},
  author={Morueta-Holme, N. and Blonder, B. and Sandel, B. and McGill, B. J. and Peet, R. K. and Ott, J. E. and Violle, C. and Enquist, B. J. and J{\o}rgensen, P. M. and Svenning, J-C.},
  journal={Ecography},
  volume={39},
  number={12},
  pages={1139--1150},
  year={2016},
  publisher={Wiley Online Library}
}


@article{ulrich2010null,
  title={Null model analysis of species associations using abundance data},
  author={Ulrich, W. and Gotelli, N. J.},
  journal={Ecology},
  volume={91},
  number={11},
  pages={3384--3397},
  year={2010},
  publisher={Wiley Online Library}
}


@article{gardner2005reverse,
  title={Reverse-engineering transcription control networks},
  author={Gardner, T. S. and Faith, J. J.},
  journal={Physics of life reviews},
  volume={2},
  number={1},
  pages={65--88},
  year={2005},
  publisher={Elsevier}
}
@article{jakuch,
        author = { B. Jakuschkin and V. Fievet and L. Schwaller and T. Fort and C. Robin and C. Vacher},
        title = {Deciphering the Pathobiome: Intra- and Interkingdom Interactions Involving the Pathogen Erysiphe alphitoides},
        journal = {Microb Ecol},
        volume = {72},
        number = {4},
        pages={870-880},
        year = {2016}
}
@article{kurtz,
  title={Sparse and compositionally robust inference of microbial ecological networks},
  author={Kurtz, Z. D. and M{\"u}ller, C. L. and Miraldi, E. R. and Littman, D. R. and Blaser, M. J. and Bonneau, R. A.},
  journal={PLoS computational biology},
  volume={11},
  number={5},
  pages={e1004226},
  year={2015},
  publisher={Public Library of Science}
}


@article{storey,
  title={A direct approach to false discovery rates},
  author={Storey, J. D.},
  journal={Journal of the Royal Statistical Society: Series B (Statistical Methodology)},
  volume={64},
  number={3},
  pages={479--498},
  year={2002},
  publisher={Wiley Online Library}
}


@article{revueEcoNoet,
  title={Analysing ecological networks of species interactions},
  author={Delmas, E. and Besson, M. and Brice, M-H. and Burkle, L.A. and Dalla Riva, G.V. and Fortin, M-J. and Gravel, D. and G. Jr, Paulo R. and Hembry, D. H. and Newman, E. A. and others},
  journal={Biological Reviews},
  year={2017},
  publisher={Wiley Online Library}
}


@article{PLNnetwork,
  title={Variational inference for sparse network reconstruction from count data},
  author={Chiquet, J. and Mariadassou, M. and Robin, S.},
  journal={arXiv preprint arXiv:1806.03120},
  year={2018}
}


@article{MeilaJaak,
  title={Tractable Bayesian learning of tree belief networks},
  author={Meil{\u{a}}, M. and Jaakkola, T.},
  journal={Statistics and Computing},
  volume={16},
  number={1},
  pages={77--92},
  year={2006},
  publisher={Springer}
}
@article{matrixtree,
  title={Matrix tree theorems},
  author={Chaiken, S. and Kleitman, D. J.},
  journal={Journal of combinatorial theory, Series A},
  volume={24},
  number={3},
  pages={377--381},
  year={1978},
  publisher={Elsevier}
}

@inproceedings{kirshner,
  title={Learning with tree-averaged densities and distributions},
  author={Kirshner, S.},
  booktitle={Advances in Neural Information Processing Systems},
  pages={761--768},
  year={2008}
}

@article{MixtTrees,
	Author = {M. Meil{\u{a}} and M. I. Jordan},
	Date-Added = {2016-10-05 16:34:57 +0000},
	Date-Modified = {2016-10-05 16:42:42 +0000},
	Journal = {Journal of Machine Learning Research},
	Pages = {1-48},
	Title = {Learning with Mixtures of Trees},
	Volume = {1},
	Year = {2000}}

@article{GirLatent,
	Author = {C. Giraud and A. Tsybakov},
	Date-Added = {2016-10-05 09:55:28 +0000},
	Date-Modified = {2016-10-05 09:56:44 +0000},
	Journal = {Annals of Statistics},
	Title = {Discussion of "Latent Variable Graphical Model Selection Via Convex Optimization"},
	Year = {2012}}

@article{BT,
	Author = {L. Schwaller and S. Robin and M. Stumpf},
	Date-Added = {2016-10-05 09:43:26 +0000},
	Date-Modified = {2016-10-05 09:45:27 +0000},
	Journal = {ArXiv e-prints},
	Title = {Bayesian Inference of Graphical Model Structures Using Trees},
	Year = {2015}}


@article{BStructEM,
	Author = {N. Friedman},
	Date-Added = {2016-08-24 13:00:55 +0000},
	Date-Modified = {2016-08-24 13:02:38 +0000},
	Journal = {ArXiv e-prints},
	Month = {January},
	Title = {The Bayesian Structural EM Algorithm},
	Year = {2013}}



@article{ExpFam,
	Author = {M. J. Wainwright and M. I. Jordan},
	Date-Added = {2016-08-24 12:52:02 +0000},
	Date-Modified = {2016-08-24 12:53:58 +0000},
	Journal = {Foundations and Trends in Machine Learning},
	Number = {1-2},
	Pages = {1-305},
	Title = {Graphical Models, Exponential Families, and Variational Inference},
	Volume = {1},
	Year = {2008}}

@article{LLVGGM,
	Author = {Z. Meng and B. Eriksson and A. O. Hero III},
	Date-Added = {2016-08-24 12:49:34 +0000},
	Date-Modified = {2016-08-24 12:51:03 +0000},
	Journal = {Proceedings of the 31 International Conference on Machine Learning},
	Title = {Learning latent variable gaussian graphical models},
	Volume = {32},
	Year = {2014}}


@article{Werhli,
	Author = {A. V. Werhli and M. Grzegorczyk and D. Husmeier},
	Date-Added = {2016-08-24 08:42:22 +0000},
	Date-Modified = {2016-08-24 08:44:20 +0000},
	Journal = {Bioinformatics},
	Month = {october},
	Number = {20},
	Pages = {2523-31},
	Title = {Comparative evaluation of reverse engineering gene regulatory networks with relevance networks, graphical gaussian models and bayesian networks.},
	Volume = {22},
	Year = {2006}}


@article{BayesNet,
	Author = {L. Schwaller and S. Robin},
	Date-Added = {2016-07-04 10:27:13 +0000},
	Date-Modified = {2016-07-04 10:28:18 +0000},
	Journal = {Revue d'intelligence artificielle},
	Pages = {153-172},
	Title = {Apprentissage de r{\'e}seaux par agr{\'e}gation bay{\'e}sienne d'arbres couvrants},
	Volume = {2},
	Year = {2015}}


@article{RankSparse,
	Author = {V. Chandrasekaran and S. Sanghavi and P. A. Parrilo and A. S. Willsky},
	Date-Added = {2016-06-03 12:29:52 +0000},
	Date-Modified = {2016-06-03 12:31:55 +0000},
	Journal = {SIAM J. Optim},
	Pages = {572-596},
	Title = {Rank-sparsity incoherence for matrix decomposition},
	Volume = {21},
	Year = {2011}}

@book{Lau96,
  author =  {Lauritzen, S. L.},
  title =  {Graphical Models},
  publisher =  {Clarendon Press},
  year =  {1996},
  series =  {Oxford Statistical Science Series},
}

@article{FHT08,
  title={Sparse inverse covariance estimation with the graphical lasso},
  author={Friedman, J. and Hastie, T. and Tibshirani, R.},
  journal={Biostatistics},
  volume={9},
  number={3},
  pages={432--441},
  year={2008},
  publisher={Biometrika Trust}
}

@article{MeB06,
  title={High-dimensional graphs and variable selection with the lasso},
  author={Meinshausen, N. and B{\"u}hlmann, P.},
  journal={The annals of statistics},
  pages={1436--1462},
  year={2006},
  publisher={JSTOR}
}

@TechReport{CMR17,
  title={Variational inference for probabilistic {P}oisson {PCA}},
  author={{Chiquet}, J. and {Mariadassou}, M. and {Robin}, S.},
  institution={arXiv:1703.06633},
  year={2017},
  note={to appear in {\it Annals of Applied Statistics}}
}
@unpublished{genvieve,
  title={Graphical model inference with unobserved variables via latent tree
aggregation},
  author={G. Robin and S. Robin and C. Ambroise},
  institution={MIA},
  year={2017}
}
@article{EMlvggm,
	Author = {S. Lauritzen and N. Meinshausen},
	Date-Added = {2016-05-30 13:06:58 +0000},
	Date-Modified = {2016-05-30 13:08:06 +0000},
	Journal = {The Annals of Statistics},
	Title = {Discussion: Latent variable graphical model selection via convex optimization},
	Year = {2012}}

@article{GGMselect,
	Author = {C. Giraud and S. Huet and N. Verzelem},
	Date-Added = {2016-05-09 13:16:31 +0000},
	Date-Modified = {2016-05-09 13:17:51 +0000},
	Journal = {arXiv:0907.0619},
	Title = {Graph selection with GGMselect},
	Year = {2009}}

@article{LatentTreeGM,
	Author = {M. J. Choi and V. Tan and A. Anandkumar and A. S. Willsky},
	Date-Added = {2016-04-26 09:23:18 +0000},
	Date-Modified = {2016-04-26 09:24:37 +0000},
	Journal = {The Journal of Machine Learning Research},
	Pages = {1771-1812},
	Read = {1},
	Title = {Learning latent tree graphical models},
	Volume = {12},
	Year = {2011}}

@article{GLasso,
	Author = {J. Friedman and T. Hastie and R. Tibshirani},
	Date-Added = {2016-04-26 08:57:58 +0000},
	Date-Modified = {2016-04-26 08:59:23 +0000},
	Journal = {Biostatistics},
	Number = {3},
	Pages = {432-441},
	Rating = {5},
	Read = {1},
	Title = {Sparse inverse covariance estimation with the graphical lasso},
	Volume = {9},
	Year = {2008}}

@article{LatentCWP,
	Author = {V. Chandrasekaran and P. A. Parrilo and A. S. Willsky},
	Date-Added = {2016-04-22 13:31:29 +0000},
	Date-Modified = {2016-04-22 13:33:41 +0000},
	Journal = {The Annals of Statistics},
	Number = {4},
	Pages = {1935-1967},
	Title = {Latent variable graphical model selection via convex optimization},
	Volume = {40},
	Year = {2012}}

@book{laurGM,
	Author = {S. Lauritzen},
	Date-Added = {2016-04-20 12:37:45 +0000},
	Date-Modified = {2016-04-20 12:38:31 +0000},
	Publisher = {Oxford University Press},
	Title = {Graphical Models},
	Year = {1996}}

@article{BayesGenNet,
	Author = {M. J. Beal and F. Falciani and Z. Ghahrmani and C. Rangel and D. L. Wild},
	Date-Added = {2016-04-20 09:26:29 +0000},
	Date-Modified = {2016-04-20 09:29:31 +0000},
	Journal = {Bioinformatics},
	Month = {July},
	Number = {3},
	Pages = {349-356},
	Title = {A Bayesian approach to reconstructing genetic regulatory networks with hidden factors},
	Volume = {21},
	Year = {2004}}

@article{MeinBuhl,
	Author = {N. Meinshausen and P. B{\"u}hlmann},
	Date-Added = {2016-04-20 09:24:14 +0000},
	Date-Modified = {2016-04-20 09:25:23 +0000},
	Journal = {Annals of Statistics},
	Number = {3},
	Pages = {1436-1462},
	Title = {High dimensional graphs and variable selection with the Lasso},
	Volume = {34},
	Year = {2006}}

@article{MazumderHastie,
	Author = {R. Mazumder and T. Hastie},
	Date-Added = {2016-04-20 09:20:43 +0000},
	Date-Modified = {2016-04-20 09:23:40 +0000},
	Journal = {The Journal of Machine Learning Research},
	Month = {January},
	Number = {1},
	Pages = {781-794},
	Title = {Exact covariance thresholding into connected component for large-scale graphical lasso},
	Volume = {13},
	Year = {2012}}

@article{ChowLiu,
	Author = {C. Chow and C. Liu},
	Date-Added = {2016-04-20 09:18:37 +0000},
	Date-Modified = {2016-04-20 09:23:37 +0000},
	Journal = {IEEE Transactions on Information Theory},
	Month = {May},
	Number = {3},
	Pages = {462-467},
	Title = {Approximating discrete probability distributions with dependence trees},
	Volume = {14},
	Year = {1968}}

@article{DLR77,
	Author = {A. P. Dempster and N. M. Laird and D. B. Rubin},
	Journal = {J. Royal Statist. Soc., series B},
	Pages = {1--38},
	Title = {Maximum Likelihood from Incomplete Data via the {EM} algorithm},
	Volume = {39},
	Year = {1977}}



@article{GirLatent,
	Author = {C. Giraud and A. Tsybakov},
	Date-Added = {2016-10-05 09:55:28 +0000},
	Date-Modified = {2016-10-05 09:56:44 +0000},
	Journal = {Annals of Statistics},
	Title = {Discussion of "Latent Variable Graphical Model Selection Via Convex Optimization"},
	Year = {2012}}

@article{BT,
	Author = {L. Schwaller and S. Robin and M. Stumpf},
	Date-Added = {2016-10-05 09:43:26 +0000},
	Date-Modified = {2016-10-05 09:45:27 +0000},
	Journal = {ArXiv e-prints},
	Title = {Bayesian Inference of Graphical Model Structures Using Trees},
	Year = {2015}}


@article{BStructEM,
	Author = {N. Friedman},
	Date-Added = {2016-08-24 13:00:55 +0000},
	Date-Modified = {2016-08-24 13:02:38 +0000},
	Journal = {ArXiv e-prints},
	Month = {January},
	Title = {The Bayesian Structural EM Algorithm},
	Year = {2013}}



@article{ExpFam,
	Author = {M. J. Wainwright and M. I. Jordan},
	Date-Added = {2016-08-24 12:52:02 +0000},
	Date-Modified = {2016-08-24 12:53:58 +0000},
	Journal = {Foundations and Trends in Machine Learning},
	Number = {1-2},
	Pages = {1-305},
	Title = {Graphical Models, Exponential Families, and Variational Inference},
	Volume = {1},
	Year = {2008}}

@article{LLVGGM,
	Author = {Z. Meng and B. Eriksson and A. O. Hero III},
	Date-Added = {2016-08-24 12:49:34 +0000},
	Date-Modified = {2016-08-24 12:51:03 +0000},
	Journal = {Proceedings of the 31 International Conference on Machine Learning},
	Title = {Learning latent variable gaussian graphical models},
	Volume = {32},
	Year = {2014}}


@article{Werhli,
	Author = {A. V. Werhli and M. Grzegorczyk and D. Husmeier},
	Date-Added = {2016-08-24 08:42:22 +0000},
	Date-Modified = {2016-08-24 08:44:20 +0000},
	Journal = {Bioinformatics},
	Month = {october},
	Number = {20},
	Pages = {2523-31},
	Title = {Comparative evaluation of reverse engineering gene regulatory networks with relevance networks, graphical gaussian models and bayesian networks.},
	Volume = {22},
	Year = {2006}}


@article{BayesNet,
	Author = {L. Schwaller and S. Robin},
	Date-Added = {2016-07-04 10:27:13 +0000},
	Date-Modified = {2016-07-04 10:28:18 +0000},
	Journal = {Revue d'intelligence artificielle},
	Pages = {153-172},
	Title = {Apprentissage de r{\'e}seaux par agr{\'e}gation bay{\'e}sienne d'arbres couvrants},
	Volume = {2},
	Year = {2015}}


@article{RankSparse,
	Author = {V. Chandrasekaran and S. Sanghavi and P. A. Parrilo and A. S. Willsky},
	Date-Added = {2016-06-03 12:29:52 +0000},
	Date-Modified = {2016-06-03 12:31:55 +0000},
	Journal = {SIAM J. Optim},
	Pages = {572-596},
	Title = {Rank-sparsity incoherence for matrix decomposition},
	Volume = {21},
	Year = {2011}}


@article{FHT08,
  title={Sparse inverse covariance estimation with the graphical lasso},
  author={Friedman, J. and Hastie, T. and Tibshirani, R.},
  journal={Biostatistics},
  volume={9},
  number={3},
  pages={432--441},
  year={2008},
  publisher={Biometrika Trust}
}

@article{inouye,
  title={A review of multivariate distributions for count data derived from the Poisson distribution},
  author={Inouye, D. I. and Yang, E. and Allen, G. I. and Ravikumar, P.},
  journal={Wiley Interdisciplinary Reviews: Computational Statistics},
  volume={9},
  number={3},
  pages={e1398},
  year={2017},
  publisher={Wiley Online Library}
}


@article{MeB06,
  title={High-dimensional graphs and variable selection with the lasso},
  author={Meinshausen, N. and B{\"u}hlmann, P.},
  journal={The annals of statistics},
  pages={1436--1462},
  year={2006},
  publisher={JSTOR}
}
@article{AiH89,
  title={The multivariate {P}oisson-log normal distribution},
  author={Aitchison, J. and Ho, C.H},
  journal={Biometrika},
  volume={76},
  number={4},
  pages={643--653},
  year={1989},
  publisher={Biometrika Trust}
}

@TechReport{CMR17,
  title={Variational inference for probabilistic {P}oisson {PCA}},
  author={{Chiquet}, J. and {Mariadassou}, M. and {Robin}, S.},
  institution={arXiv:1703.06633},
  year={2017}
}
@unpublished{genvieve,
  title={Graphical model inference with unobserved variables via latent tree
aggregation},
  author={G. Robin and S. Robin and C. Ambroise},
  institution={MIA},
  year={2017}
}
@article{EMlvggm,
	Author = {S. Lauritzen and N. Meinshausen},
	Date-Added = {2016-05-30 13:06:58 +0000},
	Date-Modified = {2016-05-30 13:08:06 +0000},
	Journal = {The Annals of Statistics},
	Title = {Discussion: Latent variable graphical model selection via convex optimization},
	Year = {2012}}

@article{GGMselect,
	Author = {C. Giraud and S. Huet and N. Verzelem},
	Date-Added = {2016-05-09 13:16:31 +0000},
	Date-Modified = {2016-05-09 13:17:51 +0000},
	Journal = {arXiv:0907.0619},
	Title = {Graph selection with GGMselect},
	Year = {2009}}

@article{LatentTreeGM,
	Author = {M. J. Choi and V. Tan and A. Anandkumar and A. S. Willsky},
	Date-Added = {2016-04-26 09:23:18 +0000},
	Date-Modified = {2016-04-26 09:24:37 +0000},
	Journal = {The Journal of Machine Learning Research},
	Pages = {1771-1812},
	Read = {1},
	Title = {Learning latent tree graphical models},
	Volume = {12},
	Year = {2011}}


@article{LatentCWP,
	Author = {V. Chandrasekaran and P. A. Parrilo and A. S. Willsky},
	Date-Added = {2016-04-22 13:31:29 +0000},
	Date-Modified = {2016-04-22 13:33:41 +0000},
	Journal = {The Annals of Statistics},
	Number = {4},
	Pages = {1935-1967},
	Title = {Latent variable graphical model selection via convex optimization},
	Volume = {40},
	Year = {2012}}

@book{laurGM,
	Author = {S. Lauritzen},
	Date-Added = {2016-04-20 12:37:45 +0000},
	Date-Modified = {2016-04-20 12:38:31 +0000},
	Publisher = {Oxford University Press},
	Title = {Graphical Models},
	Year = {1996}}

@article{BayesGenNet,
	Author = {M. J. Beal and F. Falciani and Z. Ghahrmani and C. Rangel and D. L. Wild},
	Date-Added = {2016-04-20 09:26:29 +0000},
	Date-Modified = {2016-04-20 09:29:31 +0000},
	Journal = {Bioinformatics},
	Month = {July},
	Number = {3},
	Pages = {349-356},
	Title = {A Bayesian approach to reconstructing genetic regulatory networks with hidden factors},
	Volume = {21},
	Year = {2004}}

@article{MeinBuhl,
	Author = {N. Meinshausen and P. B{\"u}hlmann},
	Date-Added = {2016-04-20 09:24:14 +0000},
	Date-Modified = {2016-04-20 09:25:23 +0000},
	Journal = {Annals of Statistics},
	Number = {3},
	Pages = {1436-1462},
	Title = {High dimensional graphs and variable selection with the Lasso},
	Volume = {34},
	Year = {2006}}

@article{MazumderHastie,
	Author = {R. Mazumder and T. Hastie},
	Date-Added = {2016-04-20 09:20:43 +0000},
	Date-Modified = {2016-04-20 09:23:40 +0000},
	Journal = {The Journal of Machine Learning Research},
	Month = {January},
	Number = {1},
	Pages = {781-794},
	Title = {Exact covariance thresholding into connected component for large-scale graphical lasso},
	Volume = {13},
	Year = {2012}}


@article{DLR77,
	Author = {A. P. Dempster and N. M. Laird and D. B. Rubin},
	Journal = {J. Royal Statist. Soc., series B},
	Pages = {1--38},
	Title = {Maximum Likelihood from Incomplete Data via the {EM} algorithm},
	Volume = {39},
	Year = {1977}}


@Article{WaJ08,
  author =  {Wainwright, M. J. and Jordan, M. I.},
  title =  {Graphical Models, Exponential Families, and Variational Inference},
  journal =  {Found. Trends Mach. Learn.},
  year =  {2008},
  volume =  {1},
  number =  {1--2},
  pages =  {1--305},
  OPTurl =  {http:/dx.doi.org/10.1561/2200000001},
}

@techreport{SRS15,
   author = {{Schwaller}, L. and {Robin}, S. and {Stumpf}, M.},
    title = "{Bayesian Inference of Graphical Model Structures Using Trees}",
  institution = {arXiv}, 
  number = {1504.02723},
     year = 2015,
    month = apr,
}
@article{gcoda,
  title={g{C}oda: conditional dependence network inference for compositional data},
  author={Fang, H. and Huang, C. and Zhao, H. and Deng, M.},
  journal={Journal of Computational Biology},
  volume={24},
  number={7},
  pages={699--708},
  year={2017},
  publisher={Mary Ann Liebert, Inc. 140 Huguenot Street, 3rd Floor New Rochelle, NY 10801 USA}
}
@article{huge,
  title={The huge package for high-dimensional undirected graph estimation in R},
  author={Zhao, Tuo and Liu, Han and Roeder, Kathryn and Lafferty, John and Wasserman, Larry},
  journal={Journal of Machine Learning Research},
  volume={13},
  number={Apr},
  pages={1059--1062},
  year={2012}
}
@article{MInt,
  title={Learning microbial interaction networks from metagenomic count data},
  author={Biswas, S. and McDonald, M. and Lundberg, D. S and Dangl, J. L. and Jojic, V.},
  journal={Journal of Computational Biology},
  volume={23},
  number={6},
  pages={526--535},
  year={2016},
  publisher={Mary Ann Liebert, Inc. 140 Huguenot Street, 3rd Floor New Rochelle, NY 10801 USA}
}


@article{miele,
  title={Spatially constrained clustering of ecological networks},
  author={Miele, V. and Picard, F. and Dray, S.},
  journal={Methods in Ecology and Evolution},
  volume={5},
  number={8},
  pages={771--779},
  year={2014},
  publisher={Wiley Online Library}
}

@article{review,
  title={So many variables: joint modeling in community ecology},
  author={Warton, D. I. and Blanchet, F. G. and O’Hara, R. B. and Ovaskainen, O. and Taskinen, S. and Walker, S. C and Hui, F. KC.},
  journal={Trends in Ecology \& Evolution},
  volume={30},
  number={12},
  pages={766--779},
  year={2015},
  publisher={Elsevier}
}

@article{morueta,
  title={A network approach for inferring species associations from co-occurrence data},
  author={Morueta-Holme, N. and Blonder, B. and Sandel, B. and McGill, B. J and Peet, R. K and Ott, J. E and Violle, C. and Enquist, B. J and J{\o}rgensen, P. M and Svenning, J-C.},
  journal={Ecography},
  volume={39},
  number={12},
  pages={1139--1150},
  year={2016},
  publisher={Wiley Online Library}
}

@InProceedings{LRW10,
  Title                    = {Stability Approach to Regularization Selection (StARS) for High Dimensional Graphical Models},
  Author                   = {Liu, H. and Roeder, K. and Wasserman, L.},
  Booktitle                = {Proceedings of the 23rd International Conference on Neural Information Processing Systems - Volume 2},
  Year                     = {2010},

  Address                  = {USA},
  Pages                    = {1432--1440},
  Publisher                = {Curran Associates Inc.},
  Series                   = {NIPS'10},

  Acmid                    = {2997056},
  Location                 = {Vancouver, British Columbia, Canada},
  Numpages                 = {9},
  Owner                    = {mmariadasso},
  Timestamp                = {2018.04.24},
  Url                      = {http://dl.acm.org/citation.cfm?id=2997046.2997056}
}

@article{poisot,
  title={Describe, understand and predict: why do we need networks in ecology?},
  author={Poisot, T. and Stouffer, D. B and K{\'e}fi, S.},
  journal={Functional Ecology},
  volume={30},
  number={12},
  pages={1878--1882},
  year={2016},
  publisher={Wiley Online Library}
}

@article{faust,
  title={Microbial interactions: from networks to models},
  author={Faust, K. and Raes, J.},
  journal={Nature Reviews Microbiology},
  volume={10},
  number={8},
  pages={538},
  year={2012},
  publisher={Nature Publishing Group}
}

@article{evans,
  title={Merging DNA metabarcoding and ecological network analysis to understand and build resilient terrestrial ecosystems},
  author={Evans, D. M and Kitson, J. JN and Lunt, D. H and Straw, N. A and Pocock, M. JO},
  journal={Functional ecology},
  volume={30},
  number={12},
  pages={1904--1916},
  year={2016},
  publisher={Wiley Online Library}
}

@article{ENA,
  title={Quantitative methods for ecological network analysis},
  author={Ulanowicz, R. E},
  journal={Computational Biology and Chemistry},
  volume={28},
  number={5-6},
  pages={321--339},
  year={2004},
  publisher={Elsevier}
}

@article{austin2007species,
  title={Species distribution models and ecological theory: a critical assessment and some possible new approaches},
  author={Austin, M.},
  journal={Ecological modelling},
  volume={200},
  number={1-2},
  pages={1--19},
  year={2007},
  publisher={Elsevier}
}

@phdthesis{baran1995dynamique,
  title={Dynamique spatio-temporelle des peuplements de Poissons estuariens en Guin{\'e}e (Afrique de l'Ouest)},
  author={Baran, E.},
  year={1995},
  school={Th{\`e}se de Doctorat, Universit{\'e} de Bretagne Occidentale}
}


@article{Loic,
  title={Exact Bayesian inference for off-line change-point detection in tree-structured graphical models},
  author={Schwaller, L. and Robin, S.},
  journal={Statistics and Computing},
  volume={27},
  number={5},
  pages={1331--1345},
  year={2017},
  publisher={Springer}
}


@article{Eco_overdisp,
  title={Dealing with overdispersed count data in applied ecology},
  author={Richards, Shane A},
  journal={Journal of Applied Ecology},
  volume={45},
  number={1},
  pages={218--227},
  year={2008},
  publisher={Wiley Online Library}
}

@article{SDM,
  title={Species distribution models: ecological explanation and prediction across space and time},
  author={Elith, J. and Leathwick, J. R.},
  journal={Annual review of ecology, evolution, and systematics},
  volume={40},
  year={2009}
}

@article{valiente,
  title={Beyond species loss: the extinction of ecological interactions in a changing world},
  author={Valiente-Banuet, A. and Aizen, M. A and Alc{\'a}ntara, J. M. and Arroyo, J. and Cocucci, A. and Galetti, M. and Garc{\'\i}a, M. B and Garc{\'\i}a, D. and G{\'o}mez, J. M and Jordano, P. and others},
  journal={Functional Ecology},
  volume={29},
  number={3},
  pages={299--307},
  year={2015},
  publisher={Wiley Online Library}
}

@article{jordanoS,
  title={Sampling networks of ecological interactions},
  author={Jordano, P.},
  journal={Functional Ecology},
  volume={30},
  number={12},
  pages={1883--1893},
  year={2016},
  publisher={Wiley Online Library}
}