@article{chaiken,
  title={A combinatorial proof of the all minors matrix tree theorem},
  author={Chaiken and Seth},
  journal={SIAM Journal on Algebraic Discrete Methods},
  volume={3},
  number={3},
  pages={319--329},
  year={1982},
  publisher={SIAM}}

@article{meila,
  title={Tractable {Bayesian} learning of tree belief networks},
  author={Marina Meil{\u{a}}  and Tommi Jaakkola },
  journal={Statistics and Computing},
  volume={16},
  number={1},
  pages={77--92},
  year={2006},
  publisher={Springer}}

@article{chow,
  title={Approximating discrete probability distributions with dependence trees},
  author={Chow, C and Liu, Cong},
  journal={IEEE transactions on Information Theory},
  volume={14},
  number={3},
  pages={462--467},
  year={1968},
  publisher={IEEE}}

@article{west,
  title={Introduction to {Graph Theory}},
  author={Douglas B West},
  journal={Prentiss Hall, Upper Saddle River, NJ},
  year={1996}}

@article{ham,
  title={Markov fields on finite graphs and lattices},
  author={Hammersley, John M and Clifford, Peter},
  year={1971}}

@article{kirch,
  title={Ueber die Aufl{\"o}sung der Gleichungen, auf welche man bei der Untersuchung der linearen Vertheilung galvanischer Str{\"o}me gef{\"u}hrt wird},
  author={Kirchhoff, Gustav},
  journal={Annalen der Physik},
  volume={148},
  number={12},
  pages={497--508},
  year={1847},
  publisher={Wiley Online Library}}

