@article{zhang,
  title={Maximum-likelihood estimation for multivariate spatial linear coregionalization models},
  author={Zhang, Hao},
  journal={Environmetrics: The official journal of the International Environmetrics Society},
  volume={18},
  number={2},
  pages={125--139},
  year={2007},
  publisher={Wiley Online Library}
}

@article{mones,
  title={Geostatistical modelling of spatial distribution of Balaenoptera physalus in the Northwestern Mediterranean Sea from sparse count data and heterogeneous observation efforts},
  author={Monestiez, Pascal and Dubroca, Laurent and Bonnin, E and Durbec, J-P and Guinet, Christophe},
  journal={Ecological Modelling},
  volume={193},
  number={3-4},
  pages={615--628},
  year={2006},
  publisher={Elsevier}
}
@article{vanhatalo,
  title={Joint species distribution modeling with additive multivariate Gaussian process priors and heteregenous data},
  author={Vanhatalo, Jarno and Hartmann, Marcelo and Veneranta, Lari},
  journal={arXiv preprint arXiv:1809.02432},
  year={2018}
}