@Article{CMR18,
  title={Variational inference for probabilistic Poisson PCA},
  author={Chiquet, J. and Mariadassou, M. and Robin, S.},
  journal={The Annals of Applied Statistics},
  volume={12},
  number={4},
  pages={2674--2698},
  year={2018},
  publisher={Institute of Mathematical Statistics}
}

@Article{PLNnetwork,
  title={Variational inference for sparse network reconstruction from count data},
  author={Chiquet, J. and Mariadassou, M. and Robin, S.},
  journal={arXiv preprint arXiv:1806.03120},
  year={2018}
}

@article{robin2019,
  title={Incomplete graphical model inference via latent tree aggregation},
  author={Robin, Genevieve and Ambroise, Christophe and Robin, St{\'e}phane},
  journal={Statistical Modelling},
  volume={19},
  number={5},
  pages={545--568},
  year={2019},
  publisher={SAGE Publications Sage India: New Delhi, India}
}
@inproceedings{kirshner,
  title={Learning with tree-averaged densities and distributions},
  author={Kirshner, S.},
  booktitle={Advances in Neural Information Processing Systems},
  pages={761--768},
  year={2008}
}
@article{Meila,
  title={Tractable Bayesian learning of tree belief networks},
  author={Meil{\u{a}}, M. and Jaakkola, T.},
  journal={Statistics and Computing},
  volume={16},
  number={1},
  pages={77--92},
  year={2006},
  publisher={Springer}
}
@book{Lau96,
  author =  {Lauritzen, S. L.},
  title =  {Graphical Models},
  publisher =  {Clarendon Press},
  year =  {1996},
  series =  {Oxford Statistical Science Series},
}
