@article{chaiken,
  title={A combinatorial proof of the all minors matrix tree theorem},
  author={Chaiken, Seth},
  journal={SIAM Journal on Algebraic Discrete Methods},
  volume={3},
  number={3},
  pages={319--329},
  year={1982},
  publisher={SIAM}
}

@article{meila,
  title={Tractable Bayesian learning of tree belief networks},
  author={Meil{\u{a}}, Marina and Jaakkola, Tommi},
  journal={Statistics and Computing},
  volume={16},
  number={1},
  pages={77--92},
  year={2006},
  publisher={Springer}
}
@article{chow,
  title={Approximating discrete probability distributions with dependence trees},
  author={Chow, C and Liu, Cong},
  journal={IEEE transactions on Information Theory},
  volume={14},
  number={3},
  pages={462--467},
  year={1968},
  publisher={IEEE}
}

